%YAML 1.1
%TAG !u! tag:unity3d.com,2011:
--- !u!1 &8760845791622777432
GameObject:
  m_ObjectHideFlags: 0
  m_CorrespondingSourceObject: {fileID: 0}
  m_PrefabInstance: {fileID: 0}
  m_PrefabAsset: {fileID: 0}
  serializedVersion: 6
  m_Component:
  - component: {fileID: 7788493365167369082}
  - component: {fileID: 8505914571567307745}
  m_Layer: 0
  m_Name: laser_3x
  m_TagString: Untagged
  m_Icon: {fileID: 0}
  m_NavMeshLayer: 0
  m_StaticEditorFlags: 0
  m_IsActive: 1
--- !u!4 &7788493365167369082
Transform:
  m_ObjectHideFlags: 0
  m_CorrespondingSourceObject: {fileID: 0}
  m_PrefabInstance: {fileID: 0}
  m_PrefabAsset: {fileID: 0}
  m_GameObject: {fileID: 8760845791622777432}
  m_LocalRotation: {x: 0, y: 0, z: 0, w: 1}
  m_LocalPosition: {x: 0, y: 0, z: 0}
  m_LocalScale: {x: 1, y: 1, z: 1}
  m_Children:
  - {fileID: 7221567138068112237}
  - {fileID: 8276116237088865454}
  - {fileID: 8329020367563058140}
  m_Father: {fileID: 0}
  m_RootOrder: 0
  m_LocalEulerAnglesHint: {x: 0, y: 0, z: 0}
--- !u!114 &8505914571567307745
MonoBehaviour:
  m_ObjectHideFlags: 0
  m_CorrespondingSourceObject: {fileID: 0}
  m_PrefabInstance: {fileID: 0}
  m_PrefabAsset: {fileID: 0}
  m_GameObject: {fileID: 8760845791622777432}
  m_Enabled: 1
  m_EditorHideFlags: 0
  m_Script: {fileID: 11500000, guid: 0f708273722f16d4cbe0c452ff33b51c, type: 3}
  m_Name: 
  m_EditorClassIdentifier: 
--- !u!1001 &634763245032917641
PrefabInstance:
  m_ObjectHideFlags: 0
  serializedVersion: 2
  m_Modification:
    m_TransformParent: {fileID: 7788493365167369082}
    m_Modifications:
    - target: {fileID: 7749658772252696677, guid: 351c6a4801e29614695727574db1377b,
        type: 3}
      propertyPath: m_Name
      value: laser_right
      objectReference: {fileID: 0}
    - target: {fileID: 8888344434828091733, guid: 351c6a4801e29614695727574db1377b,
        type: 3}
      propertyPath: m_LocalPosition.x
      value: 0.553
      objectReference: {fileID: 0}
    - target: {fileID: 8888344434828091733, guid: 351c6a4801e29614695727574db1377b,
        type: 3}
      propertyPath: m_LocalPosition.y
      value: 0.016
      objectReference: {fileID: 0}
    - target: {fileID: 8888344434828091733, guid: 351c6a4801e29614695727574db1377b,
        type: 3}
      propertyPath: m_LocalPosition.z
      value: 0
      objectReference: {fileID: 0}
    - target: {fileID: 8888344434828091733, guid: 351c6a4801e29614695727574db1377b,
        type: 3}
      propertyPath: m_LocalRotation.x
      value: -0
      objectReference: {fileID: 0}
    - target: {fileID: 8888344434828091733, guid: 351c6a4801e29614695727574db1377b,
        type: 3}
      propertyPath: m_LocalRotation.y
      value: -0
      objectReference: {fileID: 0}
    - target: {fileID: 8888344434828091733, guid: 351c6a4801e29614695727574db1377b,
        type: 3}
      propertyPath: m_LocalRotation.z
      value: -0
      objectReference: {fileID: 0}
    - target: {fileID: 8888344434828091733, guid: 351c6a4801e29614695727574db1377b,
        type: 3}
      propertyPath: m_LocalRotation.w
      value: 1
      objectReference: {fileID: 0}
    - target: {fileID: 8888344434828091733, guid: 351c6a4801e29614695727574db1377b,
        type: 3}
      propertyPath: m_RootOrder
      value: 2
      objectReference: {fileID: 0}
    - target: {fileID: 8888344434828091733, guid: 351c6a4801e29614695727574db1377b,
        type: 3}
      propertyPath: m_LocalEulerAnglesHint.x
      value: 0
      objectReference: {fileID: 0}
    - target: {fileID: 8888344434828091733, guid: 351c6a4801e29614695727574db1377b,
        type: 3}
      propertyPath: m_LocalEulerAnglesHint.y
      value: 0
      objectReference: {fileID: 0}
    - target: {fileID: 8888344434828091733, guid: 351c6a4801e29614695727574db1377b,
        type: 3}
      propertyPath: m_LocalEulerAnglesHint.z
      value: 0
      objectReference: {fileID: 0}
    - target: {fileID: 8888344434828091733, guid: 351c6a4801e29614695727574db1377b,
        type: 3}
      propertyPath: m_LocalScale.y
      value: 0.33
      objectReference: {fileID: 0}
    - target: {fileID: 8888344434828091733, guid: 351c6a4801e29614695727574db1377b,
        type: 3}
      propertyPath: m_LocalScale.x
      value: 0.35
      objectReference: {fileID: 0}
    - target: {fileID: 5671765567057835648, guid: 351c6a4801e29614695727574db1377b,
        type: 3}
      propertyPath: m_Color.r
      value: 0.21176472
      objectReference: {fileID: 0}
    - target: {fileID: 5671765567057835648, guid: 351c6a4801e29614695727574db1377b,
        type: 3}
      propertyPath: m_Color.g
      value: 0.45250073
      objectReference: {fileID: 0}
    - target: {fileID: 5671765567057835648, guid: 351c6a4801e29614695727574db1377b,
        type: 3}
      propertyPath: m_Color.b
      value: 0.9137255
      objectReference: {fileID: 0}
    m_RemovedComponents: []
  m_SourcePrefab: {fileID: 100100000, guid: 351c6a4801e29614695727574db1377b, type: 3}
--- !u!4 &8329020367563058140 stripped
Transform:
  m_CorrespondingSourceObject: {fileID: 8888344434828091733, guid: 351c6a4801e29614695727574db1377b,
    type: 3}
  m_PrefabInstance: {fileID: 634763245032917641}
  m_PrefabAsset: {fileID: 0}
--- !u!1001 &685415713132355067
PrefabInstance:
  m_ObjectHideFlags: 0
  serializedVersion: 2
  m_Modification:
    m_TransformParent: {fileID: 7788493365167369082}
    m_Modifications:
    - target: {fileID: 7749658772252696677, guid: 351c6a4801e29614695727574db1377b,
        type: 3}
      propertyPath: m_Name
      value: laser_left
      objectReference: {fileID: 0}
    - target: {fileID: 8888344434828091733, guid: 351c6a4801e29614695727574db1377b,
        type: 3}
      propertyPath: m_LocalPosition.x
      value: -0.549
      objectReference: {fileID: 0}
    - target: {fileID: 8888344434828091733, guid: 351c6a4801e29614695727574db1377b,
        type: 3}
      propertyPath: m_LocalPosition.y
      value: 0.009
      objectReference: {fileID: 0}
    - target: {fileID: 8888344434828091733, guid: 351c6a4801e29614695727574db1377b,
        type: 3}
      propertyPath: m_LocalPosition.z
      value: 0
      objectReference: {fileID: 0}
    - target: {fileID: 8888344434828091733, guid: 351c6a4801e29614695727574db1377b,
        type: 3}
      propertyPath: m_LocalRotation.x
      value: -0
      objectReference: {fileID: 0}
    - target: {fileID: 8888344434828091733, guid: 351c6a4801e29614695727574db1377b,
        type: 3}
      propertyPath: m_LocalRotation.y
      value: -0
      objectReference: {fileID: 0}
    - target: {fileID: 8888344434828091733, guid: 351c6a4801e29614695727574db1377b,
        type: 3}
      propertyPath: m_LocalRotation.z
      value: -0
      objectReference: {fileID: 0}
    - target: {fileID: 8888344434828091733, guid: 351c6a4801e29614695727574db1377b,
        type: 3}
      propertyPath: m_LocalRotation.w
      value: 1
      objectReference: {fileID: 0}
    - target: {fileID: 8888344434828091733, guid: 351c6a4801e29614695727574db1377b,
        type: 3}
      propertyPath: m_RootOrder
      value: 1
      objectReference: {fileID: 0}
    - target: {fileID: 8888344434828091733, guid: 351c6a4801e29614695727574db1377b,
        type: 3}
      propertyPath: m_LocalEulerAnglesHint.x
      value: 0
      objectReference: {fileID: 0}
    - target: {fileID: 8888344434828091733, guid: 351c6a4801e29614695727574db1377b,
        type: 3}
      propertyPath: m_LocalEulerAnglesHint.y
      value: 0
      objectReference: {fileID: 0}
    - target: {fileID: 8888344434828091733, guid: 351c6a4801e29614695727574db1377b,
        type: 3}
      propertyPath: m_LocalEulerAnglesHint.z
      value: 0
      objectReference: {fileID: 0}
    - target: {fileID: 8888344434828091733, guid: 351c6a4801e29614695727574db1377b,
        type: 3}
      propertyPath: m_LocalScale.y
      value: 0.33
      objectReference: {fileID: 0}
    - target: {fileID: 8888344434828091733, guid: 351c6a4801e29614695727574db1377b,
        type: 3}
      propertyPath: m_LocalScale.x
      value: 0.35
      objectReference: {fileID: 0}
    - target: {fileID: 5671765567057835648, guid: 351c6a4801e29614695727574db1377b,
        type: 3}
      propertyPath: m_Color.r
      value: 0.21176472
      objectReference: {fileID: 0}
    - target: {fileID: 5671765567057835648, guid: 351c6a4801e29614695727574db1377b,
        type: 3}
      propertyPath: m_Color.g
      value: 0.45250073
      objectReference: {fileID: 0}
    - target: {fileID: 5671765567057835648, guid: 351c6a4801e29614695727574db1377b,
        type: 3}
      propertyPath: m_Color.b
      value: 0.9137255
      objectReference: {fileID: 0}
    m_RemovedComponents: []
  m_SourcePrefab: {fileID: 100100000, guid: 351c6a4801e29614695727574db1377b, type: 3}
--- !u!4 &8276116237088865454 stripped
Transform:
  m_CorrespondingSourceObject: {fileID: 8888344434828091733, guid: 351c6a4801e29614695727574db1377b,
    type: 3}
  m_PrefabInstance: {fileID: 685415713132355067}
  m_PrefabAsset: {fileID: 0}
--- !u!1001 &2261254682566492728
PrefabInstance:
  m_ObjectHideFlags: 0
  serializedVersion: 2
  m_Modification:
    m_TransformParent: {fileID: 7788493365167369082}
    m_Modifications:
    - target: {fileID: 7749658772252696677, guid: 351c6a4801e29614695727574db1377b,
        type: 3}
      propertyPath: m_Name
      value: laser_center
      objectReference: {fileID: 0}
    - target: {fileID: 8888344434828091733, guid: 351c6a4801e29614695727574db1377b,
        type: 3}
      propertyPath: m_LocalPosition.x
      value: 0.008
      objectReference: {fileID: 0}
    - target: {fileID: 8888344434828091733, guid: 351c6a4801e29614695727574db1377b,
        type: 3}
      propertyPath: m_LocalPosition.y
      value: 0.961
      objectReference: {fileID: 0}
    - target: {fileID: 8888344434828091733, guid: 351c6a4801e29614695727574db1377b,
        type: 3}
      propertyPath: m_LocalPosition.z
      value: 0
      objectReference: {fileID: 0}
    - target: {fileID: 8888344434828091733, guid: 351c6a4801e29614695727574db1377b,
        type: 3}
      propertyPath: m_LocalRotation.x
      value: -0
      objectReference: {fileID: 0}
    - target: {fileID: 8888344434828091733, guid: 351c6a4801e29614695727574db1377b,
        type: 3}
      propertyPath: m_LocalRotation.y
      value: -0
      objectReference: {fileID: 0}
    - target: {fileID: 8888344434828091733, guid: 351c6a4801e29614695727574db1377b,
        type: 3}
      propertyPath: m_LocalRotation.z
      value: -0
      objectReference: {fileID: 0}
    - target: {fileID: 8888344434828091733, guid: 351c6a4801e29614695727574db1377b,
        type: 3}
      propertyPath: m_LocalRotation.w
      value: 1
      objectReference: {fileID: 0}
    - target: {fileID: 8888344434828091733, guid: 351c6a4801e29614695727574db1377b,
        type: 3}
      propertyPath: m_RootOrder
      value: 0
      objectReference: {fileID: 0}
    - target: {fileID: 8888344434828091733, guid: 351c6a4801e29614695727574db1377b,
        type: 3}
      propertyPath: m_LocalEulerAnglesHint.x
      value: 0
      objectReference: {fileID: 0}
    - target: {fileID: 8888344434828091733, guid: 351c6a4801e29614695727574db1377b,
        type: 3}
      propertyPath: m_LocalEulerAnglesHint.y
      value: 0
      objectReference: {fileID: 0}
    - target: {fileID: 8888344434828091733, guid: 351c6a4801e29614695727574db1377b,
        type: 3}
      propertyPath: m_LocalEulerAnglesHint.z
      value: 0
      objectReference: {fileID: 0}
    - target: {fileID: 8888344434828091733, guid: 351c6a4801e29614695727574db1377b,
        type: 3}
      propertyPath: m_LocalScale.y
      value: 0.33
      objectReference: {fileID: 0}
    - target: {fileID: 8888344434828091733, guid: 351c6a4801e29614695727574db1377b,
        type: 3}
      propertyPath: m_LocalScale.x
      value: 0.35
      objectReference: {fileID: 0}
    - target: {fileID: 5671765567057835648, guid: 351c6a4801e29614695727574db1377b,
        type: 3}
      propertyPath: m_Color.r
      value: 0.3539516
      objectReference: {fileID: 0}
    - target: {fileID: 5671765567057835648, guid: 351c6a4801e29614695727574db1377b,
        type: 3}
      propertyPath: m_Color.g
      value: 0.49007952
      objectReference: {fileID: 0}
    - target: {fileID: 5671765567057835648, guid: 351c6a4801e29614695727574db1377b,
        type: 3}
      propertyPath: m_Color.b
      value: 0.7735849
      objectReference: {fileID: 0}
    m_RemovedComponents: []
  m_SourcePrefab: {fileID: 100100000, guid: 351c6a4801e29614695727574db1377b, type: 3}
--- !u!4 &7221567138068112237 stripped
Transform:
  m_CorrespondingSourceObject: {fileID: 8888344434828091733, guid: 351c6a4801e29614695727574db1377b,
    type: 3}
  m_PrefabInstance: {fileID: 2261254682566492728}
  m_PrefabAsset: {fileID: 0}
